@INPROCEEDINGS{Togan:2014, 
	author={M. Togan and C. Ple≈üca}, 
	booktitle={Communications (COMM), 2014 10th International Conference on}, 
	title={Comparison-based computations over fully homomorphic encrypted data}, 
	year={2014}, 
	pages={1-6}, 
	keywords={cloud computing;cryptography;cloud computing;data hosting;fully homomorphic encrypted data;secret key;Encryption;Logic gates;Noise;Polynomials;Public key;Vectors;HElib;encrypted comparison;homomorphic encryption;learning with errors}, 
	doi={10.1109/ICComm.2014.6866760}, 
	month={May},
}

@article{Chatterjee:2015,
	title={Searching and Sorting of Fully Homomorphic Encrypted Data on Cloud},
	author={Ayantika Chatterjee and Indranil Sengupta},
	journal={IACR Cryptology ePrint Archive},
	year={2015},
	volume={2015},
	pages={981}
}

@book{Rass:2013,
	author = {Rass, Stefan and Slamanig, Daniel},
	title = {Cryptography for Security and Privacy in Cloud Computing},
	year = {2013},
	isbn = {1608075753, 9781608075751},
	publisher = {Artech House, Inc.},
	address = {Norwood, MA, USA},
} 

@inproceedings{Lhotak:2003,
	author = {Lhot\'{a}k, Ond\v{r}ej and Hendren, Laurie},
	title = {Scaling {Java} Points-to Analysis Using {SPARK}},
	booktitle = {Proceedings of the 12th International Conference on Compiler Construction},
	series = {CC'03},
	year = {2003},
	isbn = {3-540-00904-3},
	location = {Warsaw, Poland},
	pages = {153--169},
	numpages = {17},
	url = {http://dl.acm.org/citation.cfm?id=1765931.1765948},
	acmid = {1765948},
	publisher = {Springer-Verlag},
	address = {Berlin, Heidelberg},
} 

@inproceedings{Padhye:2013,
author = {Padhye, Rohan and Khedker, Uday P.},
title = {Interprocedural Data Flow Analysis in {Soot} Using Value Contexts},
booktitle = {Proceedings of the 2Nd ACM SIGPLAN International Workshop on State Of the Art in Java Program Analysis},
series = {SOAP '13},
year = {2013},
isbn = {978-1-4503-2201-0},
location = {Seattle, Washington},
pages = {31--36},
numpages = {6},
url = {http://doi.acm.org/10.1145/2487568.2487569},
doi = {10.1145/2487568.2487569},
acmid = {2487569},
publisher = {ACM},
address = {New York, NY, USA},
keywords = {call graph, context-sensitive analysis, interprocedural analysis, points-to analysis},
} 

@inproceedings{Popa:2011,
 author = {Popa, Raluca Ada and Redfield, Catherine M. S. and Zeldovich, Nickolai and Balakrishnan, Hari},
 title = {{CryptDB}: Protecting Confidentiality with Encrypted Query Processing},
 booktitle = {Proceedings of the Twenty-Third ACM Symposium on Operating Systems Principles},
 series = {SOSP '11},
 year = {2011},
 isbn = {978-1-4503-0977-6},
 location = {Cascais, Portugal},
 pages = {85--100},
 numpages = {16},
 url = {http://doi.acm.org/10.1145/2043556.2043566},
 doi = {10.1145/2043556.2043566},
 acmid = {2043566},
 publisher = {ACM},
 address = {New York, NY, USA},
} 

@inproceedings{Feldman:2010,
 author = {Feldman, Ariel J. and Zeller, William P. and Freedman, Michael J. and Felten, Edward W.},
 title = {{SPORC}: Group Collaboration Using Untrusted Cloud Resources},
 booktitle = {Proceedings of the 9th USENIX Conference on Operating Systems Design and Implementation},
 series = {OSDI'10},
 year = {2010},
 location = {Vancouver, BC, Canada},
 url = {http://dl.acm.org/citation.cfm?id=1924943.1924967},
 acmid = {1924967},
 publisher = {USENIX Association},
 address = {Berkeley, CA, USA},
} 

@inproceedings{Li:2004,
 author = {Li, Jinyuan and Krohn, Maxwell and Mazi\`{e}res, David and Shasha, Dennis},
 title = {Secure Untrusted Data Repository ({SUNDR})},
 booktitle = {Proceedings of the 6th Conference on Symposium on Opearting Systems Design \& Implementation - Volume 6},
 series = {OSDI'04},
 year = {2004},
 location = {San Francisco, CA},
 pages = {9--9},
 numpages = {1},
 url = {http://dl.acm.org/citation.cfm?id=1251254.1251263},
 acmid = {1251263},
 publisher = {USENIX Association},
 address = {Berkeley, CA, USA},
} 

@article{Mahajan:2011,
 author = {Mahajan, Prince and Setty, Srinath and Lee, Sangmin and Clement, Allen and Alvisi, Lorenzo and Dahlin, Mike and Walfish, Michael},
 title = {Depot: Cloud Storage with Minimal Trust},
 journal = {ACM Trans. Comput. Syst.},
 issue_date = {December 2011},
 volume = {29},
 number = {4},
 month = dec,
 year = {2011},
 issn = {0734-2071},
 pages = {12:1--12:38},
 articleno = {12},
 numpages = {38},
 url = {http://doi.acm.org/10.1145/2063509.2063512},
 doi = {10.1145/2063509.2063512},
 acmid = {2063512},
 publisher = {ACM},
 address = {New York, NY, USA},
 keywords = {Byzantine fault tolerance, Cloud storage, Fork-Join-Causal (FJC) consistency, fork consistency},
} 

@inproceedings{Gentry:2009,
 author = {Gentry, Craig},
 title = {Fully Homomorphic Encryption Using Ideal Lattices},
 booktitle = {Proceedings of the Forty-first Annual ACM Symposium on Theory of Computing},
 series = {STOC '09},
 year = {2009},
 isbn = {978-1-60558-506-2},
 location = {Bethesda, MD, USA},
 pages = {169--178},
 numpages = {10},
 url = {http://doi.acm.org/10.1145/1536414.1536440},
 doi = {10.1145/1536414.1536440},
 acmid = {1536440},
 publisher = {ACM},
 address = {New York, NY, USA},
 keywords = {fully homomorphic encryption},
} 

@article{Cooney:2009,
  author  = {Michael Cooney}, 
  title   = {{IBM} touts encryption innovation: New technology performs calculations on encrypted data without decrypting it},
  journal = {Network World},
  year    = 2009,
  month   = {June},
}

@article{Greenberg:2011,
  author  = {Andy Greenberg}, 
  title   = {DARPA Will Spend \$20 Million To Search For Crypto's Holy Grail},
  journal = {Forbes},
  year    = 2011,
  month   = {April},
}

@article{Gentry:2010,
 author = {Gentry, Craig},
 title = {Computing Arbitrary Functions of Encrypted Data},
 journal = {Commun. ACM},
 issue_date = {March 2010},
 volume = {53},
 number = {3},
 month = mar,
 year = {2010},
 issn = {0001-0782},
 pages = {97--105},
 numpages = {9},
 url = {http://doi.acm.org/10.1145/1666420.1666444},
 doi = {10.1145/1666420.1666444},
 acmid = {1666444},
 publisher = {ACM},
 address = {New York, NY, USA},
} 

@inproceedings{Gentry:2011,
 author = {Gentry, Craig and Halevi, Shai},
 title = {Implementing {Gentry's} Fully-homomorphic Encryption Scheme},
 booktitle = {Proceedings of the 30th Annual International Conference on Theory and Applications of Cryptographic Techniques: Advances in Cryptology},
 series = {EUROCRYPT'11},
 year = {2011},
 isbn = {978-3-642-20464-7},
 location = {Tallinn, Estonia},
 pages = {129--148},
 numpages = {20},
 url = {http://dl.acm.org/citation.cfm?id=2008684.2008697},
 acmid = {2008697},
 publisher = {Springer-Verlag},
 address = {Berlin, Heidelberg},
} 

@article{Fox-Brewster:2015,
  author  = {Thomas Fox-Brewster}, 
  title   = {The Man Who Wants To Encrypt Everything},
  journal = {Forbes},
  year    = 2015,
  month   = {September},
}

@inproceedings{Tetali:2013,
 author = {Tetali, Sai Deep and Lesani, Mohsen and Majumdar, Rupak and Millstein, Todd},
 title = {{MrCrypt}: Static Analysis for Secure Cloud Computations},
 booktitle = {Proceedings of the 2013 ACM SIGPLAN International Conference on Object Oriented Programming Systems Languages \& Applications},
 series = {OOPSLA '13},
 year = {2013},
 isbn = {978-1-4503-2374-1},
 location = {Indianapolis, Indiana, USA},
 pages = {271--286},
 numpages = {16},
 url = {http://doi.acm.org/10.1145/2509136.2509554},
 doi = {10.1145/2509136.2509554},
 acmid = {2509554},
 publisher = {ACM},
 address = {New York, NY, USA},
 keywords = {cloud computing, data confidentiality, encryption scheme inference, homomorphic encryption},
} 

@inproceedings{Shah:2012,
    author = {Meelap Shah and Emily Stark and Raluca Ada Popa and Nickolai Zeldovich},
    title = {Language support for efficient computation over encrypted data},
    year = {2012},
    booktitle = {Off the Beaten Track Workshop: Underrepresented Problems for Programming Language Researchers},
    address = {Philadelphia, PA},
    month = {January},
}

@inproceedings{Chong:2007,
 author = {Chong, Stephen and Liu, Jed and Myers, Andrew C. and Qi, Xin and Vikram, K. and Zheng, Lantian and Zheng, Xin},
 title = {Secure Web Applications via Automatic Partitioning},
 booktitle = {Proceedings of Twenty-first ACM SIGOPS Symposium on Operating Systems Principles},
 series = {SOSP '07},
 year = {2007},
 isbn = {978-1-59593-591-5},
 location = {Stevenson, Washington, USA},
 pages = {31--44},
 numpages = {14},
 url = {http://doi.acm.org/10.1145/1294261.1294265},
 doi = {10.1145/1294261.1294265},
 acmid = {1294265},
 publisher = {ACM},
 address = {New York, NY, USA},
 keywords = {compilers, information flow, security policies},
}

@inproceedings{Paillier:1999,
 author = {Paillier, Pascal},
 title = {Public-key Cryptosystems Based on Composite Degree Residuosity Classes},
 booktitle = {Proceedings of the 17th International Conference on Theory and Application of Cryptographic Techniques},
 series = {EUROCRYPT'99},
 year = {1999},
 isbn = {3-540-65889-0},
 location = {Prague, Czech Republic},
 pages = {223--238},
 numpages = {16},
 url = {http://dl.acm.org/citation.cfm?id=1756123.1756146},
 acmid = {1756146},
 publisher = {Springer-Verlag},
 address = {Berlin, Heidelberg},
} 

@inproceedings{Tschantz:2005,
 author = {Tschantz, Matthew S. and Ernst, Michael D.},
 title = {{Javari}: Adding Reference Immutability to {Java}},
 booktitle = {Proceedings of the 20th Annual ACM SIGPLAN Conference on Object-oriented Programming, Systems, Languages, and Applications},
 series = {OOPSLA '05},
 year = {2005},
 isbn = {1-59593-031-0},
 location = {San Diego, CA, USA},
 pages = {211--230},
 numpages = {20},
 url = {http://doi.acm.org/10.1145/1094811.1094828},
 doi = {10.1145/1094811.1094828},
 acmid = {1094828},
 publisher = {ACM},
 address = {New York, NY, USA},
 keywords = {Java, Javari, assignable, immutability, mutable, readonly, type system, verification},
} 

@book{Schneier:1995,
 author = {Schneier, Bruce},
 title = {Applied Cryptography (2Nd Ed.): Protocols, Algorithms, and Source Code in C},
 year = {1995},
 isbn = {0-471-11709-9},
 publisher = {John Wiley \& Sons, Inc.},
 address = {New York, NY, USA},
} 

@inproceedings{Boldyreva:2009,
 author = {Boldyreva, Alexandra and Chenette, Nathan and Lee, Younho and O'Neill, Adam},
 title = {Order-Preserving Symmetric Encryption},
 booktitle = {Proceedings of the 28th Annual International Conference on Advances in Cryptology: The Theory and Applications of Cryptographic Techniques},
 series = {EUROCRYPT '09},
 year = {2009},
 isbn = {978-3-642-01000-2},
 location = {Cologne, Germany},
 pages = {224--241},
 numpages = {18},
 url = {http://dx.doi.org/10.1007/978-3-642-01001-9_13},
 doi = {10.1007/978-3-642-01001-9_13},
 acmid = {1533691},
 publisher = {Springer-Verlag},
 address = {Berlin, Heidelberg},
} 

@inproceedings{Boldyreva:2011,
 author = {Boldyreva, Alexandra and Chenette, Nathan and O'Neill, Adam},
 title = {Order-preserving Encryption Revisited: Improved Security Analysis and Alternative Solutions},
 booktitle = {Proceedings of the 31st Annual Conference on Advances in Cryptology},
 series = {CRYPTO'11},
 year = {2011},
 isbn = {978-3-642-22791-2},
 location = {Santa Barbara, CA},
 pages = {578--595},
 numpages = {18},
 url = {http://dl.acm.org/citation.cfm?id=2033036.2033080},
 acmid = {2033080},
 publisher = {Springer-Verlag},
 address = {Berlin, Heidelberg},
 keywords = {hypergeometric distribution, range queries, searchable encryption, symmetric encryption},
} 

@ARTICLE{Dietl:2005,
    author = {Werner Dietl and Peter M√ºller},
    title = {Universes: Lightweight Ownership for {JML}},
    journal = {Journal of Object Technology},
    year = {2005},
    volume = {4},
    number = {8},
    pages = {5--32}
}

@inproceedings{Bank:1997,
 author = {Bank, Joseph A. and Myers, Andrew C. and Liskov, Barbara},
 title = {Parameterized Types for {Java}},
 booktitle = {Proceedings of the 24th ACM SIGPLAN-SIGACT Symposium on Principles of Programming Languages},
 series = {POPL '97},
 year = {1997},
 isbn = {0-89791-853-3},
 location = {Paris, France},
 pages = {132--145},
 numpages = {14},
 url = {http://doi.acm.org/10.1145/263699.263714},
 doi = {10.1145/263699.263714},
 acmid = {263714},
 publisher = {ACM},
 address = {New York, NY, USA},
} 

@inproceedings{Huang2012OOPSLA,
 author = {Huang, Wei and Milanova, Ana and Dietl, Werner and Ernst, Michael D.},
 title = {Reim \& {ReImInfer}: Checking and Inference of Reference Immutability and Method Purity},
 booktitle = {Proceedings of the ACM International Conference on Object Oriented Programming Systems Languages and Applications},
 series = {OOPSLA '12},
 year = {2012},
 isbn = {978-1-4503-1561-6},
 location = {Tucson, Arizona, USA},
 pages = {879--896},
 numpages = {18},
 url = {http://doi.acm.org/10.1145/2384616.2384680},
 doi = {10.1145/2384616.2384680},
 acmid = {2384680},
 publisher = {ACM},
 address = {New York, NY, USA},
 keywords = {inference, method purity, reference immutability, type system},
} 

@inproceedings{Sampson:2011,
 author = {Sampson, Adrian and Dietl, Werner and Fortuna, Emily and Gnanapragasam, Danushen and Ceze, Luis and Grossman, Dan},
 title = {EnerJ: Approximate Data Types for Safe and General Low-power Computation},
 booktitle = {Proceedings of the 32Nd ACM SIGPLAN Conference on Programming Language Design and Implementation},
 series = {PLDI '11},
 year = {2011},
 isbn = {978-1-4503-0663-8},
 location = {San Jose, California, USA},
 pages = {164--174},
 numpages = {11},
 url = {http://doi.acm.org/10.1145/1993498.1993518},
 doi = {10.1145/1993498.1993518},
 acmid = {1993518},
 publisher = {ACM},
 address = {New York, NY, USA},
 keywords = {accuracy-aware computing, critical data, energy, power-aware computing, soft errors},
} 

@inproceedings{Milanova:2013,
 author = {Milanova, Ana and Huang, Wei},
 title = {Composing Polymorphic Information Flow Systems with Reference Immutability},
 booktitle = {Proceedings of the 15th Workshop on Formal Techniques for Java-like Programs},
 series = {FTfJP '13},
 year = {2013},
 isbn = {978-1-4503-2042-9},
 location = {Montpellier, France},
 pages = {5:1--5:7},
 articleno = {5},
 numpages = {7},
 url = {http://doi.acm.org/10.1145/2489804.2489809},
 doi = {10.1145/2489804.2489809},
 acmid = {2489809},
 publisher = {ACM},
 address = {New York, NY, USA},
 keywords = {inference, information flow, reference immutability},
} 

@inproceedings{Huang2015ISSTA,
 author = {Huang, Wei and Dong, Yao and Milanova, Ana and Dolby, Julian},
 title = {Scalable and Precise Taint Analysis for {Android}},
 booktitle = {Proceedings of the 2015 International Symposium on Software Testing and Analysis},
 series = {ISSTA 2015},
 year = {2015},
 isbn = {978-1-4503-3620-8},
 location = {Baltimore, MD, USA},
 pages = {106--117},
 numpages = {12},
 url = {http://doi.acm.org/10.1145/2771783.2771803},
 doi = {10.1145/2771783.2771803},
 acmid = {2771803},
 publisher = {ACM},
 address = {New York, NY, USA},
 keywords = {Android, CFL-reachability, Taint analysis, information flow},
} 

@article{Goldwasser:1984,
title = "Probabilistic encryption ",
journal = "Journal of Computer and System Sciences ",
volume = "28",
number = "2",
pages = "270 - 299",
year = "1984",
note = "",
issn = "0022-0000",
doi = "http://dx.doi.org/10.1016/0022-0000(84)90070-9",
url = "http://www.sciencedirect.com/science/article/pii/0022000084900709",
author = "Shafi Goldwasser and Silvio Micali"
}

@inproceedings{Huang2012ECOOP,
 author = {Huang, Wei and Dietl, Werner and Milanova, Ana and Ernst, Michael D.},
 title = {Inference and Checking of Object Ownership},
 booktitle = {Proceedings of the 26th European Conference on Object-Oriented Programming},
 series = {ECOOP'12},
 year = {2012},
 isbn = {978-3-642-31056-0},
 location = {Beijing, China},
 pages = {181--206},
 numpages = {26},
 url = {http://dx.doi.org/10.1007/978-3-642-31057-7_9},
 doi = {10.1007/978-3-642-31057-7_9},
 acmid = {2367176},
 publisher = {Springer-Verlag},
 address = {Berlin, Heidelberg},
} 

@inproceedings{Milanova:2012,
author = {Milanova, Ana and Huang, Wei},
booktitle = {19th International Workshop on Foundations of Object-Oriented Languages},
title = {Dataflow and Type-based Formulations for Reference Immutability},
series = {FOOL'12},
year = {2012},
location = {Tucson, AZ, USA}
}

@incollection{Huang:2014,
year={2014},
isbn={978-3-642-54803-1},
booktitle={Fundamental Approaches to Software Engineering},
volume={8411},
series={Lecture Notes in Computer Science},
editor={Gnesi, Stefania and Rensink, Arend},
doi={10.1007/978-3-642-54804-8_10},
title={Type-Based Taint Analysis for {Java} Web Applications},
url={http://dx.doi.org/10.1007/978-3-642-54804-8_10},
publisher={Springer Berlin Heidelberg},
author={Huang, Wei and Dong, Yao and Milanova, Ana},
pages={140-154},
language={English}
}

@inproceedings{Papi:2008,
 author = {Papi, Matthew M. and Ali, Mahmood and Correa,Jr., Telmo Luis and Perkins, Jeff H. and Ernst, Michael D.},
 title = {Practical Pluggable Types for {Java}},
 booktitle = {Proceedings of the 2008 International Symposium on Software Testing and Analysis},
 series = {ISSTA '08},
 year = {2008},
 isbn = {978-1-60558-050-0},
 location = {Seattle, WA, USA},
 pages = {201--212},
 numpages = {12},
 url = {http://doi.acm.org/10.1145/1390630.1390656},
 doi = {10.1145/1390630.1390656},
 acmid = {1390656},
 publisher = {ACM},
 address = {New York, NY, USA},
 keywords = {annotation, bug finding, case study, compiler, flow sensitivity, igj, immutable, intern, java, javac, javari, nonnull, pluggable type, polymorphism, readonly, type qualifier, type system, verification},
} 

@article{Zdancewic:2002,
 author = {Zdancewic, Steve and Zheng, Lantian and Nystrom, Nathaniel and Myers, Andrew C.},
 title = {Secure Program Partitioning},
 journal = {ACM Trans. Comput. Syst.},
 issue_date = {August 2002},
 volume = {20},
 number = {3},
 month = aug,
 year = {2002},
 issn = {0734-2071},
 pages = {283--328},
 numpages = {46},
 url = {http://doi.acm.org/10.1145/566340.566343},
 doi = {10.1145/566340.566343},
 acmid = {566343},
 publisher = {ACM},
 address = {New York, NY, USA},
 keywords = {Confidentiality, declassification, distributed systems, downgrading, integrity, mutual distrust, secrecy, security policies, type systems},
} 

@inproceedings{Zdancewic:2001,
 author = {Zdancewic, Steve and Zheng, Lantian and Nystrom, Nathaniel and Myers, Andrew C.},
 title = {Untrusted Hosts and Confidentiality: Secure Program Partitioning},
 booktitle = {Proceedings of the Eighteenth ACM Symposium on Operating Systems Principles},
 series = {SOSP '01},
 year = {2001},
 isbn = {1-58113-389-8},
 location = {Banff, Alberta, Canada},
 pages = {1--14},
 numpages = {14},
 url = {http://doi.acm.org/10.1145/502034.502036},
 doi = {10.1145/502034.502036},
 acmid = {502036},
 publisher = {ACM},
 address = {New York, NY, USA},
} 

@inproceedings{Milanova2012FSE,
 author = {Milanova, Ana and Huang, Wei},
 title = {Inference and Checking of Context-sensitive Pluggable Types},
 booktitle = {Proceedings of the ACM SIGSOFT 20th International Symposium on the Foundations of Software Engineering},
 series = {FSE '12},
 year = {2012},
 isbn = {978-1-4503-1614-9},
 location = {Cary, North Carolina},
 pages = {26:1--26:4},
 articleno = {26},
 numpages = {4},
 url = {http://doi.acm.org/10.1145/2393596.2393626},
 doi = {10.1145/2393596.2393626},
 acmid = {2393626},
 publisher = {ACM},
 address = {New York, NY, USA},
 keywords = {type inference},
} 

@inproceedings{Huang2014FASE,
 author = {Huang, Wei and Dong, Yao and Milanova, Ana},
 title = {Type-Based Taint Analysis for {Java} Web Applications},
 booktitle = {Proceedings of the 17th International Conference on Fundamental Approaches to Software Engineering - Volume 8411},
 year = {2014},
 isbn = {978-3-642-54803-1},
 pages = {140--154},
 numpages = {15},
 url = {http://dx.doi.org/10.1007/978-3-642-54804-8_10},
 doi = {10.1007/978-3-642-54804-8_10},
 acmid = {2731769},
 publisher = {Springer-Verlag New York, Inc.},
 address = {New York, NY, USA},
} 

@techreport{Huang2014TR,
     title = {Type-based Taint Analysis for {Java} Web Applications},
     author = {Huang, Wei and Dong, Yao and Milanova, Ana},
     year = {2014},
     institution = {Rensselaer Polytechnic Institute, Department of Computer Science}
}

@INPROCEEDINGS{7152529, 
	author={N. Liu and X. Yang and X. H. Sun and J. Jenkins and R. Ross}, 
	booktitle={Cluster, Cloud and Grid Computing (CCGrid), 2015 15th IEEE/ACM International Symposium on}, 
	title={{YARNsim: Simulating Hadoop YARN}}, 
	year={2015}, 
	pages={637-646}, 
	keywords={discrete event simulation;parallel processing;Apache Hadoop YARN;Hadoop YARN simulation;MapReduce;YARNsim;centralized job-task management;parallel discrete event simulation;programming models;protocol-level accuracy;single failure points;Analytical models;Biological system modeling;Computational modeling;Data models;Hardware;Mathematical model;Yarn;HDFS;MapReduce;Parallel Discrete Event Simulation;YARN}, 
	doi={10.1109/CCGrid.2015.61}, 
	month={May},
}

@inproceedings{liu-icse07,
  author    = {Yin Liu and
               Ana Milanova},
  title     = {Ownership and Immutability Inference for UML-Based Object Access Control},
  booktitle = {29th International Conference on Software Engineering {(ICSE} 2007),
               Minneapolis, MN, USA, May 20-26, 2007},
  pages     = {323--332},
  year      = {2007}
}

@inproceedings{milanova-paste07,
  author    = {Ana Milanova},
  title     = {Light context-sensitive points-to analysis for java},
  booktitle = {Proceedings of the 7th {ACM} {SIGPLAN-SIGSOFT} Workshop on Program
               Analysis for Software Tools and Engineering, PASTE'07, San Diego,
               California, USA, June 13-14, 2007},
  pages     = {25--30},
  year      = {2007}
}

@article{milanova-jase07,
  author    = {Ana Milanova},
  title     = {Composition inference for {UML} class diagrams},
  journal   = {Autom. Softw. Eng.},
  volume    = {14},
  number    = {2},
  pages     = {179--213},
  year      = {2007}
 }


 @inproceedings{milanova-iwaco08,
 author = "Ana Milanova",
 title = "Static Inference of Universe Types",
 booktitle = "International Workshop on Aliasing, Confinement and Ownership",
 year = {2008},
 }

@inproceedings{liu-paste08,
  author    = {Yin Liu and
               Ana Milanova},
  title     = {Static analysis for inference of explicit information flow},
  booktitle = {Proceedings of the 8th {ACM} {SIGPLAN-SIGSOFT} Workshop on Program
               Analysis for Software Tools and Engineering, PASTE'08, Atlanta, Georgia,
               November 9-10, 2008},
  pages     = {50--56},
  year      = {2008}
}
 
 @inproceedings{milanova-icse09,
  author    = {Ana Milanova and
               Yin Liu},
  title     = {Static ownership inference for reasoning against concurrency errors},
  booktitle = {31st International Conference on Software Engineering, {ICSE} 2009,
               May 16-24, 2009, Vancouver, Canada, Companion Volume},
  pages     = {279--282},
  year      = {2009}
}

@inproceedings{liu-icpc09,
  author    = {Yin Liu and
               Ana Milanova},
  title     = {Practical static analysis for inference of security-related program
               properties},
  booktitle = {The 17th {IEEE} International Conference on Program Comprehension,
               {ICPC} 2009, Vancouver, British Columbia, Canada, May 17-19, 2009},
  pages     = {50--59},
  year      = {2009}
}
 

@inproceedings{liu-csmr10,
  author    = {Yin Liu and
               Ana Milanova},
  title     = {Static Information Flow Analysis with Handling of Implicit Flows and
               a Study on Effects of Implicit Flows vs Explicit Flows},
  booktitle = {14th European Conference on Software Maintenance and Reengineering,
               {CSMR} 2010, 15-18 March 2010, Madrid, Spain},
  pages     = {146--155},
  year      = {2010}
}
 
 @inproceedings{milanova-wcre10,
  author    = {Ana Milanova and
               Yin Liu},
  title     = {Static Analysis for Understanding Shared Objects in Open Concurrent
               {Java} Programs},
  booktitle = {17th Working Conference on Reverse Engineering, {WCRE} 2010, 13-16
               October 2010, Beverly, MA, {USA}},
  pages     = {45--54},
  year      = {2010}
}

@inproceedings{Milanova-TOOLS-2011,
  author    = {Ana Milanova and
               Jan Vitek},
  title     = {Static Dominance Inference},
  booktitle = {Objects, Models, Components, Patterns - 49th International Conference,
               {TOOLS} 2011, Zurich, Switzerland, June 28-30, 2011. Proceedings},
  pages     = {211--227},
  year      = {2011}
}

@misc{HuangPoster2011,
  author = {Huang, Wei and Milanova, Ana},
  title = {On Optimality of Ownership Type Inference. {P}oster at
    {ECOOP}
  2011},
  month = {July},
  year = {2011},
}

@inproceedings{milanova-aplas11,
  author    = {Ana Milanova and
               Wei Huang},
  title     = {Static Object Race Detection},
  booktitle = {Programming Languages and Systems - 9th Asian Symposium, {APLAS} 2011,
               Kenting, Taiwan, December 5-7, 2011. Proceedings},
  pages     = {255--271},
  year      = {2011}
}

@inproceedings{HuangIWACO,
  author = {Wei Huang and Ana Milanova},
  title = {Towards Effective Inference and Checking of Ownership Types},
  booktitle =      "International Workshop on Aliasing, Confinement and Ownership",
  year =         "2010"
}

@inproceedings{Milanova-PPPJ2016,
  author    = {Ana Milanova and
               Yao Dong},
  title     = {Inference and Checking of Object Immutability},
  booktitle = {Proceedings of the 13th International Conference on Principles and
               Practices of Programming on the Java Platform: Virtual Machines, Languages,
               and Tools, Lugano, Switzerland, August 29 - September 2, 2016},
  pages     = {6:1--6:12},
  year      = {2016}
  }
  
  @inproceedings{Dong-PPPJ2016,
  author    = {Yao Dong and
               Ana Milanova and
               Julian Dolby},
  title     = {JCrypt: Towards Computation over Encrypted Data},
  booktitle = {Proceedings of the 13th International Conference on Principles and
               Practices of Programming on the Java Platform: Virtual Machines, Languages,
               and Tools, Lugano, Switzerland, August 29 - September 2, 2016},
  pages     = {8:1--8:12},
  year      = {2016}
 }

@inproceedings{Vallee-Rai1999,
author = {Vall{\'e}e-Rai, Raja and Co, Phong and Gagnon, Etienne and Hendren, Laurie and Lam, Patrick and Sundaresan,
 Vijay},
booktitle = {CASCON},
pages = {13},
title = {{Soot-a Java bytecode optimization framework}},
year = {1999}
}

@inproceedings{Bruening-CGO2003,
  author    = {Derek Bruening and
               Timothy Garnett and
               Saman P. Amarasinghe},
  title     = {An Infrastructure for Adaptive Dynamic Optimization},
  booktitle = {1st {IEEE} / {ACM} International Symposium on Code Generation and
               Optimization {(CGO} 2003), 23-26 March 2003, San Francisco, CA, {USA}},
  pages     = {265--275},
  year      = {2003}
}

@inproceedings{bacon-oopsla96,
  author    = {David F. Bacon and
               Peter F. Sweeney},
  title     = {Fast Static Analysis of {C++} Virtual Function Calls},
  booktitle = {Proceedings of the 1996 {ACM} {SIGPLAN} Conference on Object-Oriented
               Programming Systems, Languages {\&} Applications {(OOPSLA} '96),
               San Jose, California, October 6-10, 1996.},
  pages     = {324--341},
  year      = {1996}
}

@inproceedings{cha-ecoop95,
  author    = {Jeffrey Dean and
               David Grove and
               Craig Chambers},
  title     = {Optimization of Object-Oriented Programs Using Static Class Hierarchy
               Analysis},
  booktitle = {ECOOP'95 - Object-Oriented Programming, 9th European Conference, {\AA}rhus,
               Denmark, August 7-11, 1995, Proceedings},
  pages     = {77--101},
  year      = {1995}
}

@inproceedings{Schwartz-Oakland2010,
  author    = {Edward J. Schwartz and
               Thanassis Avgerinos and
               David Brumley},
  title     = {All You Ever Wanted to Know about Dynamic Taint Analysis and Forward
               Symbolic Execution (but Might Have Been Afraid to Ask)},
  booktitle = {31st {IEEE} Symposium on Security and Privacy, S{\&}P 2010, 16-19
               May 2010, Berleley/Oakland, California, {USA}},
  pages     = {317--331},
  year      = {2010}
}

@inproceedings{Suh-ASPLOS2004,
  author    = {G. Edward Suh and
               Jae W. Lee and
               David Zhang and
               Srinivas Devadas},
  title     = {Secure program execution via dynamic information flow tracking},
  booktitle = {Proceedings of the 11th International Conference on Architectural
               Support for Programming Languages and Operating Systems, {ASPLOS}
               2004, Boston, MA, USA, October 7-13, 2004},
  pages     = {85--96},
  year      = {2004}
}

@inproceedings{Crandall-CCS2005,
  author    = {Jedidiah R. Crandall and
               Zhendong Su and
               Shyhtsun Felix Wu and
               Frederic T. Chong},
  title     = {On deriving unknown vulnerabilities from zero-day polymorphic and
               metamorphic worm exploits},
  booktitle = {Proceedings of the 12th {ACM} Conference on Computer and Communications
               Security, {CCS} 2005, Alexandria, VA, USA, November 7-11, 2005},
  pages     = {235--248},
  year      = {2005}
 }

@inproceedings{Kang-NDSS2011,
  author    = {Min Gyung Kang and
               Stephen McCamant and
               Pongsin Poosankam and
               Dawn Song},
  title     = {{DTA++:} Dynamic Taint Analysis with Targeted Control-Flow Propagation},
  booktitle = {Proceedings of the Network and Distributed System Security Symposium,
               {NDSS} 2011, San Diego, California, USA, 6th February - 9th February
               2011},
  year      = {2011}
}

@article{Brumley-TDSC2008,
  author    = {David Brumley and
               James Newsome and
               Dawn Song and
               Hao Wang and
               Somesh Jha},
  title     = {Theory and Techniques for Automatic Generation of Vulnerability-Based
               Signatures},
  journal   = {{IEEE} Trans. Dependable Sec. Comput.},
  volume    = {5},
  number    = {4},
  pages     = {224--241},
  year      = {2008}
}

@misc{Fritz2013_TR,
author = {Fritz, Christian and Arzt, Steven and Rasthofer, Siegfried and Bodden, Eric and Bartel, Alexandre and Klein
, Jacques and le Traon, Yves and Octeau, Damien and McDaniel, Patrick},
howpublished = {\url{http://www.bodden.de/pubs/TUD-CS-2013-0113.pdf}},
title = {{Highly precise taint analysis for Android applications. EC SPRIDE Technical Report TUD-CS-2013-0113}},
year = {2013}
}


@inproceedings{ArztPLDI2014,
  author    = {Steven Arzt and
               Siegfried Rasthofer and
               Christian Fritz and
               Eric Bodden and
               Alexandre Bartel and
               Jacques Klein and
               Yves Le Traon and
               Damien Octeau and
               Patrick D. McDaniel},
  title     = {FlowDroid: precise context, flow, field, object-sensitive and lifecycle-aware
               taint analysis for Android apps},
  booktitle = {{ACM} {SIGPLAN} Conference on Programming Language Design and Implementation,
               {PLDI} '14, Edinburgh, United Kingdom - June 09 - 11, 2014},
  pages     = {29},
  year      = {2014}
}

@inproceedings{Luk-PLDI2005,
  author    = {Chi{-}Keung Luk and
               Robert S. Cohn and
               Robert Muth and
               Harish Patil and
               Artur Klauser and
               P. Geoffrey Lowney and
               Steven Wallace and
               Vijay Janapa Reddi and
               Kim M. Hazelwood},
  title     = {Pin: building customized program analysis tools with dynamic instrumentation},
  booktitle = {Proceedings of the {ACM} {SIGPLAN} 2005 Conference on Programming
               Language Design and Implementation, Chicago, IL, USA, June 12-15,
               2005},
  pages     = {190--200},
  year      = {2005}
}

@inproceedings{Nethercote-PLDI2007,
  author    = {Nicholas Nethercote and
               Julian Seward},
  title     = {Valgrind: a framework for heavyweight dynamic binary instrumentation},
  booktitle = {Proceedings of the {ACM} {SIGPLAN} 2007 Conference on Programming
               Language Design and Implementation, San Diego, California, USA, June
               10-13, 2007},
  pages     = {89--100},
  year      = {2007}
}

@inproceedings{Edwards-ITICSE2008,
  author    = {Stephen H. Edwards and
               Manuel A. P{\'{e}}rez{-}Qui{\~{n}}ones},
  title     = {Web-CAT: automatically grading programming assignments},
  booktitle = {Proceedings of the 13th Annual {SIGCSE} Conference on Innovation and
               Technology in Computer Science Education, ITiCSE 2008, Madrid, Spain,
               June 30 - July 2, 2008},
  pages     = {328},
  year      = {2008}
}

@inproceedings{Edwards-L@S2014,
  author    = {Stephen H. Edwards},
  title     = {Work-in-progress: program grading and feedback generation with Web-CAT},
  booktitle = {First {(2014)} {ACM} Conference on Learning @ Scale, L@S 2014, Atlanta,
               GA, USA, March 4-5, 2014},
  pages     = {215--216},
  year      = {2014}
}

@inproceedings{Spacco-OOPSLA06,
  author    = {Jaime Spacco and
               William Pugh and
               Nathaniel Ayewah and
               David Hovemeyer},
  title     = {The Marmoset project: an automated snapshot, submission, and testing
               system},
  booktitle = {Companion to the 21th Annual {ACM} {SIGPLAN} Conference on Object-Oriented
               Programming, Systems, Languages, and Applications, {OOPSLA} 2006,
               October 22-26, 2006, Portland, Oregon, {USA}},
  pages     = {669--670},
  year      = {2006}
 }
 
 @inproceedings{Demmler:2015,
  author    = {Daniel Demmler and
               Thomas Schneider and
               Michael Zohner},
  title     = {{ABY} - {A} Framework for Efficient Mixed-Protocol Secure Two-Party
               Computation},
  booktitle = {22nd Annual Network and Distributed System Security Symposium, {NDSS}
               2015, San Diego, California, USA, February 8-11},
  year      = {2015},
  crossref  = {DBLP:conf/ndss/2015},
  url       = {http://www.internetsociety.org/doc/aby---framework-efficient-mixed-protocol-secure-two-party-computation},
  timestamp = {Mon, 04 Jul 2016 12:06:02 +0200},
  biburl    = {http://dblp.org/rec/bib/conf/ndss/Demmler0Z15},
  bibsource = {dblp computer science bibliography, http://dblp.org}
}

@inproceedings{Kerschbaum:2014,
  author    = {Florian Kerschbaum and
               Thomas Schneider and
               Axel Schr{\"{o}}pfer},
  title     = {Automatic Protocol Selection in Secure Two-Party Computations},
  booktitle = {Applied Cryptography and Network Security - 12th International Conference,
               {ACNS} 2014, Lausanne, Switzerland, June 10-13, 2014. Proceedings},
  pages     = {566--584},
  year      = {2014},
  crossref  = {DBLP:conf/acns/2014},
  url       = {https://doi.org/10.1007/978-3-319-07536-5_33},
  doi       = {10.1007/978-3-319-07536-5_33},
  timestamp = {Tue, 23 May 2017 01:13:08 +0200},
  biburl    = {http://dblp.org/rec/bib/conf/acns/Kerschbaum0S14},
  bibsource = {dblp computer science bibliography, http://dblp.org}
}

@inproceedings{Goldreich:1987,
  author    = {Oded Goldreich and
               Silvio Micali and
               Avi Wigderson},
  title     = {How to Play any Mental Game or {A} Completeness Theorem for Protocols
               with Honest Majority},
  booktitle = {Proceedings of the 19th Annual {ACM} Symposium on Theory of Computing,
               1987, New York, New York, {USA}},
  pages     = {218--229},
  year      = {1987},
  crossref  = {DBLP:conf/stoc/STOC19},
  url       = {http://doi.acm.org/10.1145/28395.28420},
  doi       = {10.1145/28395.28420},
  timestamp = {Mon, 17 Oct 2011 17:25:06 +0200},
  biburl    = {http://dblp.org/rec/bib/conf/stoc/GoldreichMW87},
  bibsource = {dblp computer science bibliography, http://dblp.org}
}

@article{Gupta:1996,
  author    = {Manish Gupta and
               Edith Schonberg and
               Harini Srinivasan},
  title     = {A Unified Framework for Optimizing Communication in Data-Parallel
               Programs},
  journal   = {{IEEE} Trans. Parallel Distrib. Syst.},
  volume    = {7},
  number    = {7},
  pages     = {689--704},
  year      = {1996},
  url       = {https://doi.org/10.1109/71.508249},
  doi       = {10.1109/71.508249},
  timestamp = {Tue, 07 Nov 2017 12:02:58 +0100},
  biburl    = {http://dblp.org/rec/bib/journals/tpds/GuptaSS96},
  bibsource = {dblp computer science bibliography, http://dblp.org}
}

@article{Hendrickson:2000,
  author    = {Bruce Hendrickson and
               Tamara G. Kolda},
  title     = {Graph partitioning models for parallel computing},
  journal   = {Parallel Computing},
  volume    = {26},
  number    = {12},
  pages     = {1519--1534},
  year      = {2000},
  url       = {https://doi.org/10.1016/S0167-8191(00)00048-X},
  doi       = {10.1016/S0167-8191(00)00048-X},
  timestamp = {Wed, 14 Jun 2017 20:32:30 +0200},
  biburl    = {http://dblp.org/rec/bib/journals/pc/HendricksonK00},
  bibsource = {dblp computer science bibliography, http://dblp.org}
}

@inproceedings{Ben-David:2008,
  author    = {Assaf Ben{-}David and
               Noam Nisan and
               Benny Pinkas},
  title     = {FairplayMP: a system for secure multi-party computation},
  booktitle = {Proceedings of the 2008 {ACM} Conference on Computer and Communications
               Security, {CCS} 2008, Alexandria, Virginia, USA, October 27-31, 2008},
  pages     = {257--266},
  year      = {2008},
  crossref  = {DBLP:conf/ccs/2008},
  url       = {http://doi.acm.org/10.1145/1455770.1455804},
  doi       = {10.1145/1455770.1455804},
  timestamp = {Tue, 11 Nov 2008 10:40:33 +0100},
  biburl    = {http://dblp.org/rec/bib/conf/ccs/Ben-DavidNP08},
  bibsource = {dblp computer science bibliography, http://dblp.org}
}

@inproceedings{Bogdanov:2008,
  author    = {Dan Bogdanov and
               Sven Laur and
               Jan Willemson},
  title     = {Sharemind: {A} Framework for Fast Privacy-Preserving Computations},
  booktitle = {Computer Security - {ESORICS} 2008, 13th European Symposium on Research
               in Computer Security, M{\'{a}}laga, Spain, October 6-8, 2008.
               Proceedings},
  pages     = {192--206},
  year      = {2008},
  crossref  = {DBLP:conf/esorics/2008},
  url       = {https://doi.org/10.1007/978-3-540-88313-5_13},
  doi       = {10.1007/978-3-540-88313-5_13},
  timestamp = {Tue, 13 Jun 2017 10:37:56 +0200},
  biburl    = {http://dblp.org/rec/bib/conf/esorics/BogdanovLW08},
  bibsource = {dblp computer science bibliography, http://dblp.org}
}

@inproceedings{Holzer:2012,
  author    = {Andreas Holzer and
               Martin Franz and
               Stefan Katzenbeisser and
               Helmut Veith},
  title     = {Secure two-party computations in {ANSI} {C}},
  booktitle = {the {ACM} Conference on Computer and Communications Security, CCS'12,
               Raleigh, NC, USA, October 16-18, 2012},
  pages     = {772--783},
  year      = {2012},
  crossref  = {DBLP:conf/ccs/2012},
  url       = {http://doi.acm.org/10.1145/2382196.2382278},
  doi       = {10.1145/2382196.2382278},
  timestamp = {Tue, 16 Dec 2014 17:33:05 +0100},
  biburl    = {http://dblp.org/rec/bib/conf/ccs/HolzerFKV12},
  bibsource = {dblp computer science bibliography, http://dblp.org}
}

@inproceedings{Kreuter:2013,
  author    = {Benjamin Kreuter and
               Abhi Shelat and
               Benjamin Mood and
               Kevin R. B. Butler},
  title     = {{PCF:} {A} Portable Circuit Format for Scalable Two-Party Secure Computation},
  booktitle = {Proceedings of the 22th {USENIX} Security Symposium, Washington, DC,
               USA, August 14-16, 2013},
  pages     = {321--336},
  year      = {2013},
  crossref  = {DBLP:conf/uss/2013},
  url       = {https://www.usenix.org/conference/usenixsecurity13/technical-sessions/paper/kreuter},
  timestamp = {Fri, 19 Aug 2016 15:38:03 +0200},
  biburl    = {http://dblp.org/rec/bib/conf/uss/KreuterSMB13},
  bibsource = {dblp computer science bibliography, http://dblp.org}
}

@inproceedings{Zhang:2013,
  author    = {Yihua Zhang and
               Aaron Steele and
               Marina Blanton},
  title     = {{PICCO:} a general-purpose compiler for private distributed computation},
  booktitle = {2013 {ACM} {SIGSAC} Conference on Computer and Communications Security,
               CCS'13, Berlin, Germany, November 4-8, 2013},
  pages     = {813--826},
  year      = {2013},
  crossref  = {DBLP:conf/ccs/2013},
  url       = {http://doi.acm.org/10.1145/2508859.2516752},
  doi       = {10.1145/2508859.2516752},
  timestamp = {Fri, 08 Nov 2013 12:51:55 +0100},
  biburl    = {http://dblp.org/rec/bib/conf/ccs/ZhangSB13},
  bibsource = {dblp computer science bibliography, http://dblp.org}
}

@inproceedings{Rastogi:2014,
  author    = {Aseem Rastogi and
               Matthew A. Hammer and
               Michael Hicks},
  title     = {Wysteria: {A} Programming Language for Generic, Mixed-Mode Multiparty
               Computations},
  booktitle = {2014 {IEEE} Symposium on Security and Privacy, {SP} 2014, Berkeley,
               CA, USA, May 18-21, 2014},
  pages     = {655--670},
  year      = {2014},
  crossref  = {DBLP:conf/sp/2014},
  url       = {https://doi.org/10.1109/SP.2014.48},
  doi       = {10.1109/SP.2014.48},
  timestamp = {Fri, 26 May 2017 00:50:06 +0200},
  biburl    = {http://dblp.org/rec/bib/conf/sp/RastogiHH14},
  bibsource = {dblp computer science bibliography, http://dblp.org}
}

@inproceedings{Blanton:2011,
  author    = {Marina Blanton and
               Paolo Gasti},
  title     = {Secure and Efficient Protocols for Iris and Fingerprint Identification},
  booktitle = {Computer Security - {ESORICS} 2011 - 16th European Symposium on Research
               in Computer Security, Leuven, Belgium, September 12-14, 2011. Proceedings},
  pages     = {190--209},
  year      = {2011},
  crossref  = {DBLP:conf/esorics/2011},
  url       = {https://doi.org/10.1007/978-3-642-23822-2_11},
  doi       = {10.1007/978-3-642-23822-2_11},
  timestamp = {Tue, 23 May 2017 01:07:17 +0200},
  biburl    = {http://dblp.org/rec/bib/conf/esorics/BlantonG11},
  bibsource = {dblp computer science bibliography, http://dblp.org}
}

@inproceedings{Brickell:2007,
  author    = {Justin Brickell and
               Donald E. Porter and
               Vitaly Shmatikov and
               Emmett Witchel},
  title     = {Privacy-preserving remote diagnostics},
  booktitle = {Proceedings of the 2007 {ACM} Conference on Computer and Communications
               Security, {CCS} 2007, Alexandria, Virginia, USA, October 28-31, 2007},
  pages     = {498--507},
  year      = {2007},
  crossref  = {DBLP:conf/ccs/2007},
  url       = {http://doi.acm.org/10.1145/1315245.1315307},
  doi       = {10.1145/1315245.1315307},
  timestamp = {Fri, 22 Feb 2008 08:21:35 +0100},
  biburl    = {http://dblp.org/rec/bib/conf/ccs/BrickellPSW07},
  bibsource = {dblp computer science bibliography, http://dblp.org}
}

@inproceedings{Huang:2011,
  author    = {Yan Huang and
               Lior Malka and
               David Evans and
               Jonathan Katz},
  title     = {Efficient Privacy-Preserving Biometric Identification},
  booktitle = {Proceedings of the Network and Distributed System Security Symposium,
               {NDSS} 2011, San Diego, California, USA, 6th February - 9th February
               2011},
  year      = {2011},
  crossref  = {DBLP:conf/ndss/2011},
  url       = {http://www.isoc.org/isoc/conferences/ndss/11/pdf/8_2.pdf},
  timestamp = {Wed, 24 Aug 2016 16:34:24 +0200},
  biburl    = {http://dblp.org/rec/bib/conf/ndss/HuangMEK11},
  bibsource = {dblp computer science bibliography, http://dblp.org}
}

@article{Kolesnikov:2013,
  author    = {Vladimir Kolesnikov and
               Ahmad{-}Reza Sadeghi and
               Thomas Schneider},
  title     = {A systematic approach to practically efficient general two-party secure
               function evaluation protocols and their modular design},
  journal   = {Journal of Computer Security},
  volume    = {21},
  number    = {2},
  pages     = {283--315},
  year      = {2013},
  url       = {https://doi.org/10.3233/JCS-130464},
  doi       = {10.3233/JCS-130464},
  timestamp = {Fri, 26 May 2017 22:53:13 +0200},
  biburl    = {http://dblp.org/rec/bib/journals/jcs/KolesnikovS013},
  bibsource = {dblp computer science bibliography, http://dblp.org}
}

@inproceedings{Nikolaenko:2013:1,
  author    = {Valeria Nikolaenko and
               Udi Weinsberg and
               Stratis Ioannidis and
               Marc Joye and
               Dan Boneh and
               Nina Taft},
  title     = {Privacy-Preserving Ridge Regression on Hundreds of Millions of Records},
  booktitle = {2013 {IEEE} Symposium on Security and Privacy, {SP} 2013, Berkeley,
               CA, USA, May 19-22, 2013},
  pages     = {334--348},
  year      = {2013},
  crossref  = {DBLP:conf/sp/2013},
  url       = {https://doi.org/10.1109/SP.2013.30},
  doi       = {10.1109/SP.2013.30},
  timestamp = {Fri, 26 May 2017 00:50:07 +0200},
  biburl    = {http://dblp.org/rec/bib/conf/sp/NikolaenkoWIJBT13},
  bibsource = {dblp computer science bibliography, http://dblp.org}
}

@inproceedings{Nikolaenko:2013:2,
  author    = {Valeria Nikolaenko and
               Stratis Ioannidis and
               Udi Weinsberg and
               Marc Joye and
               Nina Taft and
               Dan Boneh},
  title     = {Privacy-preserving matrix factorization},
  booktitle = {2013 {ACM} {SIGSAC} Conference on Computer and Communications Security,
               CCS'13, Berlin, Germany, November 4-8, 2013},
  pages     = {801--812},
  year      = {2013},
  crossref  = {DBLP:conf/ccs/2013},
  url       = {http://doi.acm.org/10.1145/2508859.2516751},
  doi       = {10.1145/2508859.2516751},
  timestamp = {Fri, 08 Nov 2013 12:51:55 +0100},
  biburl    = {http://dblp.org/rec/bib/conf/ccs/NikolaenkoIWJTB13},
  bibsource = {dblp computer science bibliography, http://dblp.org}
}

@inproceedings{Schropfer:2011,
  author    = {Axel Schr{\"{o}}pfer and
               Florian Kerschbaum},
  title     = {Forecasting Run-Times of Secure Two-Party Computation},
  booktitle = {Eighth International Conference on Quantitative Evaluation of Systems,
               {QEST} 2011, Aachen, Germany, 5-8 September, 2011},
  pages     = {181--190},
  year      = {2011},
  crossref  = {DBLP:conf/qest/2011},
  url       = {https://doi.org/10.1109/QEST.2011.33},
  doi       = {10.1109/QEST.2011.33},
  timestamp = {Fri, 26 May 2017 00:51:19 +0200},
  biburl    = {http://dblp.org/rec/bib/conf/qest/SchropferK11},
  bibsource = {dblp computer science bibliography, http://dblp.org}
}

@inproceedings{Yao:1982,
 author = {Yao, Andrew C.},
 title = {Protocols for Secure Computations},
 booktitle = {Proceedings of the 23rd Annual Symposium on Foundations of Computer Science},
 series = {SFCS '82},
 year = {1982},
 pages = {160--164},
 numpages = {5},
 url = {http://dx.doi.org/10.1109/SFCS.1982.88},
 doi = {10.1109/SFCS.1982.88},
 acmid = {1382751},
 publisher = {IEEE Computer Society},
 address = {Washington, DC, USA},
} 

@article{Kosba:2015,
  author    = {Ahmed E. Kosba and
               Andrew Miller and
               Elaine Shi and
               Zikai Wen and
               Charalampos Papamanthou},
  title     = {Hawk: The Blockchain Model of Cryptography and Privacy-Preserving
               Smart Contracts},
  journal   = {{IACR} Cryptology ePrint Archive},
  volume    = {2015},
  pages     = {675},
  year      = {2015},
  url       = {http://eprint.iacr.org/2015/675},
  timestamp = {Thu, 08 Jun 2017 14:26:37 +0200},
  biburl    = {http://dblp.org/rec/bib/journals/iacr/KosbaMSWP15},
  bibsource = {dblp computer science bibliography, http://dblp.org}
}

@online{forbes,
	author = {Forbes},
	year = {2017},
	title = {{Cloud Computing Market Projected To Reach \$411B By 2020}},
	url = {https://www.forbes.com/sites/louiscolumbus/2017/10/18/cloud-computing-market-projected-to-reach-411b-by-2020/},
	howpublished = {https://www.forbes.com/sites/louiscolumbus/2017/10/18/cloud-computing-market-projected-to-reach-411b-by-2020/},
}

@online{amazon-gov,
	author = {Amazon},
	year = {2017},
	title = {US Federal Government in the Cloud},
	url = {https://aws.amazon.com/federal/},
	howpublished = {https://aws.amazon.com/federal/},
}

@inproceedings{Acay:2021,
  author    = {Cosku Acay and
               Rolph Recto and
               Joshua Gancher and
               Andrew C. Myers and
               Elaine Shi},
  editor    = {Stephen N. Freund and
               Eran Yahav},
  title     = {Viaduct: an extensible, optimizing compiler for secure distributed
               programs},
  booktitle = {{PLDI} '21: 42nd {ACM} {SIGPLAN} International Conference on Programming
               Language Design and Implementation, Virtual Event, Canada, June 20-25,
               2021},
  pages     = {740--755},
  publisher = {{ACM}},
  year      = {2021},
  doi       = {10.1145/3453483.3454074}
}

@article{Braun:2022,
 author = {Braun, Lennart and Demmler, Daniel and Schneider, Thomas and Tkachenko, Oleksandr},
 title = {MOTION ? A Framework for Mixed-Protocol Multi-Party Computation},
 journal = {ACM Trans. Privacy and Security},
 issue_date = {May 2022},
 volume = {25},
 number = {2},
 month = may,
 year = {2022},
 pages = {1--35},
 articleno = {8},
 url = {https://dl.acm.org/doi/10.1145/3490390},
 publisher = {ACM}
 } 
 
 @inproceedings{Ishaq:2019,
  author    = {Muhammad Ishaq and
               Ana L. Milanova and
               Vassilis Zikas},
  editor    = {Lorenzo Cavallaro and
               Johannes Kinder and
               XiaoFeng Wang and
               Jonathan Katz},
  title     = {Efficient {MPC} via Program Analysis: {A} Framework for Efficient
               Optimal Mixing},
  booktitle = {Proceedings of the 2019 {ACM} {SIGSAC} Conference on Computer and
               Communications Security, {CCS} 2019, London, UK, November 11-15, 2019},
  pages     = {1539--1556},
  publisher = {{ACM}},
  year      = {2019},
  url       = {https://doi.org/10.1145/3319535.3339818},
  doi       = {10.1145/3319535.3339818}
  }
  
  @misc{Fang:2022,
    author       = {Vivian Fang and
		    Lloyd Brown and
		    William Lin and
		    Wenting Zheng and
		    Aurojit Panda and
		    Raluca Ada Popa},
    title        = {CostCO: An automatic cost modeling framework for secure multi-party computation},
    howpublished = {Cryptology ePrint Archive, Report 2022/332},
    year         = {2022},
    note         = {\url{https://ia.cr/2022/332}},
}

@inproceedings{Hastings:2019,
  author    = {Marcella Hastings and
               Brett Hemenway and
               Daniel Noble and
               Steve Zdancewic},
  title     = {SoK: General Purpose Compilers for Secure Multi-Party Computation},
  booktitle = {2019 {IEEE} Symposium on Security and Privacy, {SP} 2019, San Francisco,
               CA, USA, May 19-23, 2019},
  pages     = {1220--1237},
  publisher = {{IEEE}},
  year      = {2019},
  url       = {https://doi.org/10.1109/SP.2019.00028},
  doi       = {10.1109/SP.2019.00028}
}

@inproceedings{Keller:2020,
  author    = {Marcel Keller},
  editor    = {Jay Ligatti and
               Xinming Ou and
               Jonathan Katz and
               Giovanni Vigna},
  title     = {{MP-SPDZ:} {A} Versatile Framework for Multi-Party Computation},
  booktitle = {{CCS} '20: 2020 {ACM} {SIGSAC} Conference on Computer and Communications
               Security, Virtual Event, USA, November 9-13, 2020},
  pages     = {1575--1590},
  publisher = {{ACM}},
  year      = {2020},
  url       = {https://doi.org/10.1145/3372297.3417872},
  doi       = {10.1145/3372297.3417872}
}

@inproceedings{Aiken:1988,
  author    = {Alexander Aiken and
               Alexandru Nicolau},
  editor    = {Richard L. Wexelblat},
  title     = {Optimal Loop Parallelization},
  booktitle = {Proceedings of the {ACM} SIGPLAN'88 Conference on Programming Language
               Design and Implementation (PLDI), Atlanta, Georgia, USA, June 22-24,
               1988},
  pages     = {308--317},
  publisher = {{ACM}},
  year      = {1988},
  url       = {https://doi.org/10.1145/53990.54021},
  doi       = {10.1145/53990.54021}
}

@inproceedings{Farzan:2021,
  author    = {Azadeh Farzan and
               Victor Nicolet},
  editor    = {Stephen N. Freund and
               Eran Yahav},
  title     = {Phased synthesis of divide and conquer programs},
  booktitle = {{PLDI} '21: 42nd {ACM} {SIGPLAN} International Conference on Programming
               Language Design and Implementation, Virtual Event, Canada, June 20-25,
               2021},
  pages     = {974--986},
  publisher = {{ACM}},
  year      = {2021},
  url       = {https://doi.org/10.1145/3453483.3454089},
  doi       = {10.1145/3453483.3454089}
}

@inproceedings{Farzan:2019,
  author    = {Azadeh Farzan and
               Victor Nicolet},
  editor    = {Kathryn S. McKinley and
               Kathleen Fisher},
  title     = {Modular divide-and-conquer parallelization of nested loops},
  booktitle = {Proceedings of the 40th {ACM} {SIGPLAN} Conference on Programming
               Language Design and Implementation, {PLDI} 2019, Phoenix, AZ, USA,
               June 22-26, 2019},
  pages     = {610--624},
  publisher = {{ACM}},
  year      = {2019},
  url       = {https://doi.org/10.1145/3314221.3314612},
  doi       = {10.1145/3314221.3314612}
}

@inproceedings{Farzan:2017,
  author    = {Azadeh Farzan and
               Victor Nicolet},
  editor    = {Albert Cohen and
               Martin T. Vechev},
  title     = {Synthesis of divide and conquer parallelism for loops},
  booktitle = {Proceedings of the 38th {ACM} {SIGPLAN} Conference on Programming
               Language Design and Implementation, {PLDI} 2017, Barcelona, Spain,
               June 18-23, 2017},
  pages     = {540--555},
  publisher = {{ACM}},
  year      = {2017},
  url       = {https://doi.org/10.1145/3062341.3062355},
  doi       = {10.1145/3062341.3062355}
}

@inproceedings{Milanova:2018,
  author    = {Ana L. Milanova},
  editor    = {Todd D. Millstein},
  title     = {Definite Reference Mutability},
  booktitle = {32nd European Conference on Object-Oriented Programming, {ECOOP} 2018,
               July 16-21, 2018, Amsterdam, The Netherlands},
  series    = {LIPIcs},
  volume    = {109},
  pages     = {25:1--25:30},
  publisher = {Schloss Dagstuhl - Leibniz-Zentrum f{\"{u}}r Informatik},
  year      = {2018},
  url       = {https://doi.org/10.4230/LIPIcs.ECOOP.2018.25},
  doi       = {10.4230/LIPIcs.ECOOP.2018.25}
}

@article{Milanova:2020,
  author    = {Ana L. Milanova},
  title     = {FlowCFL: generalized type-based reachability analysis: graph reduction
               and equivalence of CFL-based and type-based reachability},
  journal   = {Proc. {ACM} Program. Lang.},
  volume    = {4},
  number    = {{OOPSLA}},
  pages     = {178:1--178:29},
  year      = {2020},
  url       = {https://doi.org/10.1145/3428246},
  doi       = {10.1145/3428246}
}

@misc{Zahur:2015,
    author       = {Samee Zahur and
		    David Evans},
    title        = {Obliv-C: A Language for Extensible Data-Oblivious Computation},
    howpublished = {Cryptology ePrint Archive, Report 2015/1153},
    year         = {2015},
    note         = {\url{https://ia.cr/2015/1153}},
}

@article{Allen:1987,
  author    = {Randy Allen and
               Ken Kennedy},
  title     = {Automatic Translation of Fortran Programs to Vector Form},
  journal   = {{ACM} Trans. Program. Lang. Syst.},
  volume    = {9},
  number    = {4},
  pages     = {491--542},
  year      = {1987},
  url       = {https://doi.org/10.1145/29873.29875},
  doi       = {10.1145/29873.29875}
}

@book{Karrenberg:2015,
  author    = {Ralf Karrenberg},
  title     = {Automatic {SIMD} Vectorization of SSA-based Control Flow Graphs},
  publisher = {Springer},
  year      = {2015},
  url       = {https://doi.org/10.1007/978-3-658-10113-8},
  doi       = {10.1007/978-3-658-10113-8},
  urn       = {urn:nbn:de:bsz:291-scidok-60964},
  isbn      = {978-3-658-10112-1}
}

@inproceedings{Benabderrahmane:2010,
  author    = {Mohamed{-}Walid Benabderrahmane and
               Louis{-}No{\"{e}}l Pouchet and
               Albert Cohen and
               C{\'{e}}dric Bastoul},
  editor    = {Rajiv Gupta},
  title     = {The Polyhedral Model Is More Widely Applicable Than You Think},
  booktitle = {Compiler Construction, 19th International Conference, {CC} 2010, Held
               as Part of the Joint European Conferences on Theory and Practice of
               Software, {ETAPS} 2010, Paphos, Cyprus, March 20-28, 2010. Proceedings},
  series    = {Lecture Notes in Computer Science},
  volume    = {6011},
  pages     = {283--303},
  publisher = {Springer},
  year      = {2010},
  url       = {https://doi.org/10.1007/978-3-642-11970-5\_16},
  doi       = {10.1007/978-3-642-11970-5\_16}
}

@phdthesis{Buscher:2018,
  author    = {Niklas B{\"{u}}scher},
  title     = {Compilation for More Practical Secure Multi-Party Computation},
  school    = {Darmstadt University of Technology, Germany},
  year      = {2018},
  url       = {http://tuprints.ulb.tu-darmstadt.de/8495/},
  urn       = {urn:nbn:de:tuda-tuprints-84950}
}

